<record><leader>00000cas a22000007a 4500</leader><controlfield tag="001">11487993</controlfield><controlfield tag="008">841213d188u1950ctuwr ne      0    0eng d</controlfield><datafield ind1=" " ind2=" " tag="010"><subfield code="a">sn 84027725 </subfield></datafield><datafield ind1=" " ind2=" " tag="040"><subfield code="a">NPU</subfield><subfield code="b">eng</subfield><subfield code="c">NPU</subfield><subfield code="d">CNW</subfield><subfield code="d">OBN</subfield><subfield code="d">OCLCQ</subfield><subfield code="d">OCLCF</subfield><subfield code="d">OCLCO</subfield></datafield><datafield ind1="1" ind2=" " tag="029"><subfield code="a">AU@</subfield><subfield code="b">000025790467</subfield></datafield><datafield ind1=" " ind2=" " tag="042"><subfield code="a">msc</subfield></datafield><datafield ind1=" " ind2=" " tag="043"><subfield code="a">n-us-ct</subfield></datafield><datafield ind1="0" ind2="0" tag="245"><subfield code="a">Litchfield County leader.</subfield></datafield><datafield ind1="1" ind2="3" tag="246"><subfield code="a">Winsted herald and the Litchfield County leader</subfield><subfield code="f">&lt;Dec. 26, 1947&gt;-1950</subfield></datafield><datafield ind1=" " ind2=" " tag="260"><subfield code="a">Winsted [Conn.] :</subfield><subfield code="b">N.B. Stevens, ed.</subfield></datafield><datafield ind1=" " ind2=" " tag="300"><subfield code="a">v.</subfield></datafield><datafield ind1=" " ind2=" " tag="310"><subfield code="a">Weekly</subfield></datafield><datafield ind1="0" ind2=" " tag="362"><subfield code="a">-v. 62, no. 24 (June 16, 1950).</subfield></datafield><datafield ind1=" " ind2=" " tag="500"><subfield code="a">Editor: Edward M. Platt, &lt;1912&gt;.</subfield></datafield><datafield ind1=" " ind2=" " tag="515"><subfield code="a">Issues for &lt;Nov. 4, 1898&gt;-Apr. 19, 1907 also called: Whole no. &lt;1798&gt;-3100. Issues for Apr. 26, 1907-Jan. 14, 1921 lack numbering.</subfield></datafield><datafield ind1=" " ind2=" " tag="580"><subfield code="a">Daily ed.: Winsted evening citizen.</subfield></datafield><datafield ind1=" " ind2=" " tag="588"><subfield code="a">Description based on: Vol. 20, no. 1041 (Apr. 13, 1894).</subfield></datafield><datafield ind1=" " ind2="0" tag="651"><subfield code="a">Winsted (Conn.)</subfield><subfield code="v">Newspapers.</subfield></datafield><datafield ind1=" " ind2="0" tag="651"><subfield code="a">Winchester (Conn. : Town)</subfield><subfield code="v">Newspapers.</subfield></datafield><datafield ind1=" " ind2="0" tag="651"><subfield code="a">Litchfield County (Conn.)</subfield><subfield code="v">Newspapers.</subfield></datafield><datafield ind1=" " ind2="7" tag="655"><subfield code="a">Newspapers.</subfield><subfield code="2">fast</subfield><subfield code="0">(OCoLC)fst01423814</subfield></datafield><datafield ind1=" " ind2="7" tag="651"><subfield code="a">Connecticut</subfield><subfield code="z">Litchfield County.</subfield><subfield code="2">fast</subfield><subfield code="0">(OCoLC)fst01211989</subfield></datafield><datafield ind1=" " ind2="7" tag="651"><subfield code="a">Connecticut</subfield><subfield code="z">Winchester (Town)</subfield><subfield code="2">fast</subfield><subfield code="0">(OCoLC)fst01332069</subfield></datafield><datafield ind1=" " ind2="7" tag="651"><subfield code="a">Connecticut</subfield><subfield code="z">Winsted.</subfield><subfield code="2">fast</subfield><subfield code="0">(OCoLC)fst01221871</subfield></datafield><datafield ind1=" " ind2=" " tag="752"><subfield code="a">United States</subfield><subfield code="b">Connecticut</subfield><subfield code="c">Litchfield</subfield><subfield code="d">Winsted.</subfield></datafield><datafield ind1="0" ind2=" " tag="775"><subfield code="t">Winsted herald</subfield><subfield code="w">(DLC)sn 82015200</subfield><subfield code="w">(OCoLC)8807742</subfield></datafield><datafield ind1="0" ind2="0" tag="780"><subfield code="t">Winsted press</subfield><subfield code="w">(DLC)sn 84022357</subfield><subfield code="w">(OCoLC)10369765</subfield></datafield><datafield ind1="0" ind2="4" tag="785"><subfield code="t">Winsted evening citizen</subfield><subfield code="w">(DLC)sn 85040596</subfield><subfield code="w">(OCoLC)12025390</subfield></datafield></record>